@article{wheatstone,
    author =       "Charles Wheatstone",
    title =        "Contributions to the Physiology of Vision.–Part the First. 
    On some remarkable, and hitherto unobserved, Phenomena of Binocular Vision.",
    journal =      "Philosophical Transactions of the Royal Society",
    volume =       "128",
    number =       "10",
    pages =        "371--394",
    year =         "1838",
    DOI =          "http://www.stereoscopy.com/library/wheatstone-paper1838.html"
}
 
@book{stereoscopehistory,
    author    = "David Brewster",
    title     = "The Stereoscope: its history, theory, and construction, with its application to the fine and useful arts and to education",
    year      = "1856",
    address   = "London"
}
 
@mastersthesis {stereoscopythesis,
    author = "Anders Johansson",
    title = "Stereoscopy – Fooling the Brain into Believing There is Depth in a Flat Image",
    school = "University of Gavle",
    year = "2009", 
}

@misc{russianpage,
	key = "Spolaryzowane systemy 3D",
    title     = "Spolaryzowane systemy 3D",
    howpublished = "\url{http://ru.knowledgr.com/17401974}"
}

@misc{sidebyside,
	key = "Stereo Test – Side by Side",
    title     = "Stereo Test – Side by Side",
    howpublished = "\url{http://blogs.hebali.com/itp/?p=378}"
}

@misc{polarization,
	key = "Circular polarization.",
    title     = "Circular polarization.",
    howpublished = "\url{https://commons.wikimedia.org/wiki/File:Circular.Polarization.Circularly.Polarized.Light_With.Components_Right.Handed.svg}"
}

@misc{anaglif,
	key = "Anaglyphs for computer stereoscopy",
    title     = "Anaglyphs for computer stereoscopy",
    howpublished = "\url{http://nzphoto.tripod.com/sterea/anaglyphs.htm}"
}

@misc{active3d,
	key = "Sony 3D Unique Technologies",
    title     = "Sony 3D Unique Technologies",
    howpublished = "\url{https://www.youtube.com/watch?v=Yo5cuhM_aAQ&t=153s}"
}

@misc{stlinfo,
    author = "Dibya Chakravorty",
    title     = "STL File Format for 3D Printing – Simply Explained",
    howpublished = "\url{https://all3dp.com/what-is-stl-file-format-extension-3d-printing/}"
}

@misc{objinfo,
    author = "Dibya Chakravorty",
    title     = "OBJ File Format – for CAD and 3D Printing",
    howpublished = "\url{https://all3dp.com/obj-file-format-explained-cad-3d-printing/}"
}

@article{infitec,
    author =       "Helmut Jorke{, }Markus Fritz",
    title =        "INFITEC – A new stereoscopic visualisation tool by wavelength multiplex imaging.",
    journal =      "Wiesbaden",
    year =         "2003",
    DOI =          "https://www.it.uu.se/edu/course/homepage/igs/ht07/lectures/F4_070913_infitec_english.pdf"
}

@misc{obj,
    title     = "Wavefront OBJ File Format Summary",
    author = "Wavefront Technologies",
    howpublished = "\url{http://www.fileformat.info/format/wavefrontobj/egff.htm}"
}

@book{formatsinfo,
    author    = "Jim X. Chen",
    title     = "Guide to Graphics Software Tools. Second edition. ",
    year      = "2008",
    publisher = "Springer",
    address   = "George Mason University"
}

@misc{lib3dsofficial,
	key = "Offcial lib3ds website",
    title     = "lib3ds",
    howpublished = "\url{https://code.google.com/archive/p/lib3ds/}"
}

@misc{lib3dsdirectory,
	key = "Lib3ds - software directory",
    title     = "Lib3ds - software directory",
    howpublished = "\url{https://directory.fsf.org/wiki/Lib3ds}"
}

@misc{assimp,
 	author    = "Alexander Gessler{, }Thomas Schulze{, }Kim Kulling",
    title     = "Assimp - Open Asset Import Library",
    howpublished = "\url{http://www.assimp.org/index.html}"
}

@misc{openglofficial,
	key = "OpenGL overview",
    title     = "OpenGL - The Industry's Foundation for High Performance Graphics",
    howpublished = "\url{https://www.opengl.org/about}"
}

@misc{opengltutorial,
	key = "OpenGL tutorial",
    title     = "Hello Triangles",
    howpublished = "\url{http://www.swiftgl.org/learn/01-hello-triangle.html}"
}

@misc{aliceofficial,
	key = "The ALICE Experiment",
    title     = "The ALICE Experiment",
    howpublished = "\url{http://aliceinfo.cern.ch/Public/en/Chapter2/Chap2Experiment-en.html}"
}

@article{aliceexperiment,
    author =       "Christian Lippmann",
    title =        "Particle identification in ALICE boosts QGP studies.",
    journal =      "CERN COURIER",
    year =         "2012",
    DOI =          "http://cerncourier.com/cws/article/cern/50561"
}

@misc{trackingparticles,
	key = "Tracking particles",
    title     = "Detectors of the Alice experiment",
    howpublished = "\url{http://aliceinfo.cern.ch/Public/en/Chapter2/Page3-subdetectors-en.html}"
}

@misc{pwn,
	key = "PWN",
    title     = "Słownik Języka Polskiego",
    howpublished = "\url{https://sjp.pwn.pl/}"
}

@misc{formatslist,
	key = "Lista formatów 3D",
    title     = "Lista formatów 3D",
    howpublished = "\url{https://en.wikipedia.org/wiki/List_of_file_formats\#3D_graphics}"
}

@misc{3dsformat,
	key = "3DS format ",
    title     = "Format 3DS",
    howpublished = "\url{https://fileinfo.com/extension/3ds}"
}

@book{specyfikacja,
    author    = "Krzysztof Sacha",
    title     = "Inżynieria oprogramowania",
    year      = "2010",
    publisher = "Wydawnictwo naukowe PWN",
    address   = "Warszawa"
}

@misc{learnopengl,
	key = "Learn OpenGL Tutorial",
    title     = "Learn OpenGL Tutorial",
    howpublished = "\url{https://learnopengl.com/}"
}

@book{slownik,
    author    = "Karol Sobiesiak{, }Piotr Sydow",
    title     = "Shadery. Zaawansowane programowanie w GLSL",
    year      = "2015",
    publisher = "Wydawnictwo naukowe PWN",
    address   = "Warszawa"
}

@book{wprowadzeniedografiki,
    author    = "James D. Foley{, }Andries Van Dam{, }Steven K. Feiner{, }John F. Hughes{, }Richard L.Phillips",
    title     = "Wprowadzenie do grafiki komputerowej",
    year      = "2001",
    publisher = "Wydawnictwa Naukowo-Techniczne",
    address   = "Warszawa"
}

@misc{glfw,
	key = "GLFW",
    title     = "GLFW official website",
    howpublished = "\url{http://www.glfw.org/}"
}

@misc{glew,
	key = "GLEW",
    title     = "The OpenGL Extension Wrangler Library",
    howpublished = "\url{http://glew.sourceforge.net/}"
}

@misc{glm,
	key = "GLM",
    title     = "OpenGL Mathematics",
    howpublished = "\url{https://glm.g-truc.net/0.9.9/index.html}"
}

@misc{glitter,
	key = "Glitter",
    title     = "Glitter",
    howpublished = "\url{https://github.com/Polytonic/Glitter}"
}

@misc{LoadingLibrary,
	key = "OpenGL Loading Library",
    title     = "OpenGL Loading Library",
    howpublished = "\url{https://www.khronos.org/opengl/wiki/OpenGL_Loading_Library\#glad_.28Multi-Language_GL.2FGLES.2FEGL.2FGLX.2FWGL_Loader-Generator.29}"
}

@misc{jsoncpp,
	key = "JsonCpp",
    title     = "JsonCpp",
    howpublished = "\url{https://github.com/open-source-parsers/jsoncpp}"
}